@Book{xie2015,
  title = {Dynamic Documents with {R} and knitr},
  author = {Yihui Xie},
  publisher = {Chapman and Hall/CRC},
  address = {Boca Raton, Florida},
  year = {2015},
  edition = {2nd},
  note = {ISBN 978-1498716963},
  url = {http://yihui.name/knitr/},
}

@Book{wickham2016,
  title = {R for Data Science},
  author = {Hadley Wickham and Garrett Grolemund},
  publisher = {O'Reilly Media},
  address = {Sebastopol, California},
  year = {2016},
  note = {ISBN 978-1491910399},
  url = {https://r4ds.had.co.nz/},
}

@Book{wilkinson2005,
  title = {The Grammar of Graphics},
  author = {Leland Wilkinson},
  publisher = {Springer},
  address = {New York},
  year = {2005},
  note = {ISBN 978-0-387-28695-2},
}

@Book{wickham2020,
  title = {ggplot2: Elegant Graphics for Data Analysis},
  author = {Hadley Wickham{,} Danielle Navarro{,} and Thomas Lin Pedersen},
  publisher = {Springer},
  address = {New York},
  year = {2020},
  url = {https://ggplot2-book.org/},
}

@Book{lovelace2019,
  title = {Geocomputation in R},
  author = {Robin Lovelace, Jakub Nowosad, & Jannes Muenchow},
  publisher = {CRC Press},
  address = {Boca Raton, Florida},
  year = {2019},
  note = {ISBN 9781351396905},
}

@Book{rothstein2017,
  title = {Color of law},
  author = {Richard Rothstein},
  publisher = {Liveright},
  address = {New York},
  year = {2017},
  note = {ISBN 978-1631494536},
}

@Book{silver2012,
  title = {Signal and the noise},
  author = {Nate Silver},
  publisher = {Penguin Books},
  address = {New York},
  year = {2012},
  note = {ISBN 978-0143125082},
}

@Book{eubanks2018,
  title = {Automating equality},
  author = {Virginia Eubanks},
  publisher = {Picador},
  address = {New York},
  year = {2018},
  note = {ISBN 978-1250215789},
}

@Book{oneil2016,
  title = {Weapons of math destruction},
  author = {Cathy O'Neil},
  publisher = {Broadway Books},
  address = {New York},
  year = {2016},
  note = {ISBN 978-0553418835},
}

@Book{reidsma2019,
  title = {Masked by trust},
  author = {Matthew Reidsma},
  publisher = {Litwin},
  address = {Sacramento, California},
  year = {2018},
  note = {ISBN 978-1634000833},
}

@Book{broussard2018,
  title = {Artificial unintelligence},
  author = {Meredith Broussard},
  publisher = {MIT Press},
  address = {Cambridge, Massachusetts},
  year = {2018},
  note = {ISBN 978-0262537018},
}

@Book{shane2019,
  title = {You look like a thing and I love you},
  author = {Janelle Shane},
  publisher = {Little, Brown, and Company},
  address = {New York},
  year = {2019},
  note = {ISBN 978-0316525244},
}

@Book{wickham2021,
  title = {Mastering Shiny},
  author = {Hadley Wickham},
  publisher = {O'Reilly Media},
  address = {Sebastopol, California},
  year = {2021},
  note = {ISBN 978-1492047384},
  url = {https://mastering-shiny.org/},
}

@misc{get-started,
 author = {New York Times Developer Network},
 title = {Get Started},
 year = {2022},
 howpublished = {https://developer.nytimes.com/get-started/},
 }

@article{matalon21,
author = {Matalon, Y. and Magdaci, O. and Almozlino, A. and et al.},
title = {Using sentiment analysis to predict opinion inversion in Tweets of political communication},
journal = {Scientific Reports},
number = {11},
pages = {7250},
doi = {10.1111/j.1467-8640.2012.00460.x},
url = {https://doi.org/10.1038/s41598-021-86510-w},
year = {2021},
}

@article{mohammad13,
author = {Mohammad, Saif M. and Turney, Peter D.},
title = {Crowdsourcing a Word-Emotion Association Lexicon},
journal = {Computational Intelligence},
volume = {29},
number = {3},
pages = {436-465},
doi = {10.1111/j.1467-8640.2012.00460.x},
url = {https://onlinelibrary.wiley.com/doi/abs/10.1111/j.1467-8640.2012.00460.x},
eprint = {https://onlinelibrary.wiley.com/doi/pdf/10.1111/j.1467-8640.2012.00460.x},
year = {2013},
}

@incollection{Hu04,
author = {Hu, Minqing and Liu, Bing},
title = {Mining and Summarizing Customer Reviews},
booktitle = {Proceedings of the Tenth ACM SIGKDD International Conference on Knowledge Discovery and Data Mining},
series = {KDD '04},
year = {2004},
isbn = {1-58113-888-1},
location = {Seattle, WA, USA},
pages = {168â€“177},
numpages = {10},
url = {http://doi.acm.org/10.1145/1014052.1014073},
doi = {10.1145/1014052.1014073},
acmid = {1014073},
publisher = {ACM},
address = {New York, NY, USA},
}
